
    <marc:record>
        <marc:leader>01159ncm a22003493u 4500</marc:leader>
        <marc:controlfield tag="001">019285962</marc:controlfield>
        <marc:controlfield tag="003">Uk</marc:controlfield>
        <marc:controlfield tag="005">20230223165857.0</marc:controlfield>
        <marc:controlfield tag="006">m    ||  z |      </marc:controlfield>
        <marc:controlfield tag="007">cr |||||||||||</marc:controlfield>
        <marc:controlfield tag="008">190306s2017    xxk|||| o||||||n  |      </marc:controlfield>
        <marc:datafield tag="028" ind1="3" ind2="2">
            <marc:subfield code="a">32347</marc:subfield>
            <marc:subfield code="b">Music Sales</marc:subfield>
            <marc:subfield code="q">(Product Id)</marc:subfield>
        </marc:datafield>
        <marc:datafield tag="028" ind1="3" ind2="2">
            <marc:subfield code="a">smd_109161</marc:subfield>
            <marc:subfield code="b">Music Sales</marc:subfield>
            <marc:subfield code="q">(Cat Ref)</marc:subfield>
        </marc:datafield>
        <marc:datafield tag="033" ind1="0" ind2=" ">
            <marc:subfield code="a">20050613</marc:subfield>
        </marc:datafield>
        <marc:datafield tag="040" ind1=" " ind2=" ">
            <marc:subfield code="a">Uk</marc:subfield>
            <marc:subfield code="b">eng</marc:subfield>
            <marc:subfield code="c">Uk</marc:subfield>
        </marc:datafield>
        <marc:datafield tag="082" ind1="1" ind2="4">
            <marc:subfield code="a">780</marc:subfield>
            <marc:subfield code="2">15</marc:subfield>
        </marc:datafield>
        <marc:datafield tag="245" ind1="0" ind2="0">
            <marc:subfield code="a">Murder On The Orient Express /</marc:subfield>
            <marc:subfield code="c">[Richard Rodney Bennett].</marc:subfield>
        </marc:datafield>
        <marc:datafield tag="250" ind1=" " ind2=" ">
            <marc:subfield code="a">Easy Piano.</marc:subfield>
        </marc:datafield>
        <marc:datafield tag="264" ind1=" " ind2="1">
            <marc:subfield code="a">[United Kingdom] :</marc:subfield>
            <marc:subfield code="b">[Music Sales],</marc:subfield>
            <marc:subfield code="c">[2017]</marc:subfield>
        </marc:datafield>
        <marc:datafield tag="300" ind1=" " ind2=" ">
            <marc:subfield code="a">1 online resource (1 score (2 pages))</marc:subfield>
        </marc:datafield>
        <marc:datafield tag="336" ind1=" " ind2=" ">
            <marc:subfield code="a">notated music</marc:subfield>
            <marc:subfield code="2">rdacontent</marc:subfield>
        </marc:datafield>
        <marc:datafield tag="337" ind1=" " ind2=" ">
            <marc:subfield code="a">computer</marc:subfield>
            <marc:subfield code="2">rdamedia</marc:subfield>
        </marc:datafield>
        <marc:datafield tag="338" ind1=" " ind2=" ">
            <marc:subfield code="a">online resource</marc:subfield>
            <marc:subfield code="2">rdacarrier</marc:subfield>
        </marc:datafield>
        <marc:datafield tag="365" ind1=" " ind2=" ">
            <marc:subfield code="b">2.99</marc:subfield>
            <marc:subfield code="c">GBP</marc:subfield>
        </marc:datafield>
        <marc:datafield tag="588" ind1=" " ind2=" ">
            <marc:subfield code="a">Description based on publisher metadata.</marc:subfield>
        </marc:datafield>
        <marc:datafield tag="655" ind1=" " ind2="7">
            <marc:subfield code="a">Motion picture music.</marc:subfield>
            <marc:subfield code="2">fast</marc:subfield>
            <marc:subfield code="0">(OCoLC)fst01726674</marc:subfield>
        </marc:datafield>
        <marc:datafield tag="655" ind1=" " ind2="7">
            <marc:subfield code="a">Notated music.</marc:subfield>
            <marc:subfield code="2">fast</marc:subfield>
            <marc:subfield code="0">(OCoLC)fst01920428</marc:subfield>
        </marc:datafield>
        <marc:datafield tag="720" ind1=" " ind2=" ">
            <marc:subfield code="a">Richard Rodney Bennett</marc:subfield>
        </marc:datafield>
        <marc:datafield tag="852" ind1=" " ind2=" ">
            <marc:subfield code="a">British Library</marc:subfield>
            <marc:subfield code="b">MUSIC</marc:subfield>
            <marc:subfield code="c">DRT</marc:subfield>
            <marc:subfield code="j">ELD.DS.DSM.18496</marc:subfield>
        </marc:datafield>
        <marc:datafield tag="859" ind1=" " ind2=" ">
            <marc:subfield code="a">ELD</marc:subfield>
            <marc:subfield code="b">escore</marc:subfield>
        </marc:datafield>
        <marc:datafield tag="884" ind1=" " ind2=" ">
            <marc:subfield code="a">Music Sales Digital Score Excel to MARC</marc:subfield>
            <marc:subfield code="g">20190304</marc:subfield>
            <marc:subfield code="k">32347</marc:subfield>
            <marc:subfield code="q">Uk</marc:subfield>
        </marc:datafield>
        <marc:datafield tag="903" ind1=" " ind2=" ">
            <marc:subfield code="a">ELD.DS.DSM.18496</marc:subfield>
        </marc:datafield>
    </marc:record>