
    <marc:record>
        <marc:leader>00904nam a2200277 i 4500</marc:leader>
        <marc:controlfield tag="001">017188296</marc:controlfield>
        <marc:controlfield tag="003">Uk</marc:controlfield>
        <marc:controlfield tag="005">20160211074747.0</marc:controlfield>
        <marc:controlfield tag="008">150507s2014    uik           000 1 glv  </marc:controlfield>
        <marc:datafield tag="015" ind1=" " ind2=" ">
            <marc:subfield code="a">GBB613707</marc:subfield>
            <marc:subfield code="2">bnb</marc:subfield>
        </marc:datafield>
        <marc:datafield tag="020" ind1=" " ind2=" ">
            <marc:subfield code="a">9780993081606 (paperback)</marc:subfield>
        </marc:datafield>
        <marc:datafield tag="040" ind1=" " ind2=" ">
            <marc:subfield code="a">Uk</marc:subfield>
            <marc:subfield code="b">eng</marc:subfield>
            <marc:subfield code="c">Uk</marc:subfield>
            <marc:subfield code="e">rda</marc:subfield>
        </marc:datafield>
        <marc:datafield tag="041" ind1="1" ind2=" ">
            <marc:subfield code="a">glv</marc:subfield>
            <marc:subfield code="h">eng</marc:subfield>
        </marc:datafield>
        <marc:datafield tag="042" ind1=" " ind2=" ">
            <marc:subfield code="a">ukblsr</marc:subfield>
        </marc:datafield>
        <marc:datafield tag="082" ind1="0" ind2="4">
            <marc:subfield code="a">821.912</marc:subfield>
            <marc:subfield code="2">23</marc:subfield>
        </marc:datafield>
        <marc:datafield tag="100" ind1="1" ind2=" ">
            <marc:subfield code="a">Christie, Agatha,</marc:subfield>
            <marc:subfield code="d">1890-1976,</marc:subfield>
            <marc:subfield code="e">author.</marc:subfield>
        </marc:datafield>
        <marc:datafield tag="240" ind1="1" ind2="0">
            <marc:subfield code="a">Murder on The Orient Express.</marc:subfield>
            <marc:subfield code="l">Manx</marc:subfield>
        </marc:datafield>
        <marc:datafield tag="245" ind1="1" ind2="0">
            <marc:subfield code="a">Dunverys er traen tappee yn Niar /</marc:subfield>
            <marc:subfield code="c">liorish Agatha Christie ; er na chur ayns Gaelg liorish Joan Caine.</marc:subfield>
        </marc:datafield>
        <marc:datafield tag="264" ind1=" " ind2="1">
            <marc:subfield code="a">St John's, Isle of Man :</marc:subfield>
            <marc:subfield code="b">Caarjyn ny Gaelgey,</marc:subfield>
            <marc:subfield code="c">2014.</marc:subfield>
        </marc:datafield>
        <marc:datafield tag="300" ind1=" " ind2=" ">
            <marc:subfield code="a">240 pages ;</marc:subfield>
            <marc:subfield code="c">21 cm</marc:subfield>
        </marc:datafield>
        <marc:datafield tag="336" ind1=" " ind2=" ">
            <marc:subfield code="a">text</marc:subfield>
            <marc:subfield code="2">rdacontent</marc:subfield>
        </marc:datafield>
        <marc:datafield tag="337" ind1=" " ind2=" ">
            <marc:subfield code="a">unmediated</marc:subfield>
            <marc:subfield code="2">rdamedia</marc:subfield>
        </marc:datafield>
        <marc:datafield tag="338" ind1=" " ind2=" ">
            <marc:subfield code="a">volume</marc:subfield>
            <marc:subfield code="2">rdacarrier</marc:subfield>
        </marc:datafield>
        <marc:datafield tag="500" ind1=" " ind2=" ">
            <marc:subfield code="a">Translated from the English.</marc:subfield>
        </marc:datafield>
        <marc:datafield tag="700" ind1="1" ind2=" ">
            <marc:subfield code="a">Caine, Joan,</marc:subfield>
            <marc:subfield code="e">translator.</marc:subfield>
        </marc:datafield>
        <marc:datafield tag="852" ind1="4" ind2="1">
            <marc:subfield code="a">British Library</marc:subfield>
            <marc:subfield code="b">HMNTS</marc:subfield>
            <marc:subfield code="j">YD.2016.a.353</marc:subfield>
        </marc:datafield>
    </marc:record>