
    <marc:record>
        <marc:leader>01130 am a2200337ui 4500</marc:leader>
        <marc:controlfield tag="001">010544611</marc:controlfield>
        <marc:controlfield tag="005">20091210021900.0</marc:controlfield>
        <marc:controlfield tag="008">790608r19791934enke   ||     000 1|eng  </marc:controlfield>
        <marc:datafield tag="015" ind1=" " ind2=" ">
            <marc:subfield code="a">GB7918650</marc:subfield>
            <marc:subfield code="2">bnb</marc:subfield>
        </marc:datafield>
        <marc:datafield tag="019" ind1="1" ind2=" ">
            <marc:subfield code="a">b7918650</marc:subfield>
        </marc:datafield>
        <marc:datafield tag="019" ind1="9" ind2=" ">
            <marc:subfield code="a">b7918650</marc:subfield>
        </marc:datafield>
        <marc:datafield tag="019" ind1="y" ind2=" ">
            <marc:subfield code="a">B7918650</marc:subfield>
        </marc:datafield>
        <marc:datafield tag="020" ind1=" " ind2=" ">
            <marc:subfield code="a">0002315394</marc:subfield>
        </marc:datafield>
        <marc:datafield tag="020" ind1=" " ind2=" ">
            <marc:subfield code="c">£3.75</marc:subfield>
        </marc:datafield>
        <marc:datafield tag="040" ind1=" " ind2=" ">
            <marc:subfield code="a">Uk</marc:subfield>
            <marc:subfield code="c">Uk</marc:subfield>
        </marc:datafield>
        <marc:datafield tag="082" ind1="0" ind2="4">
            <marc:subfield code="a">823/.9/1</marc:subfield>
            <marc:subfield code="2">18</marc:subfield>
        </marc:datafield>
        <marc:datafield tag="100" ind1="1" ind2=" ">
            <marc:subfield code="a">Christie, Agatha,</marc:subfield>
            <marc:subfield code="d">1890-1976.</marc:subfield>
        </marc:datafield>
        <marc:datafield tag="245" ind1="1" ind2="0">
            <marc:subfield code="a">Murder on the Orient Express /</marc:subfield>
            <marc:subfield code="c">Agatha Christie.</marc:subfield>
        </marc:datafield>
        <marc:datafield tag="260" ind1=" " ind2=" ">
            <marc:subfield code="a">London :</marc:subfield>
            <marc:subfield code="b">Collins [for the] Crime Club,</marc:subfield>
            <marc:subfield code="c">1979.</marc:subfield>
        </marc:datafield>
        <marc:datafield tag="300" ind1=" " ind2=" ">
            <marc:subfield code="a">254p. :</marc:subfield>
            <marc:subfield code="b">1plan ;</marc:subfield>
            <marc:subfield code="c">21cm.</marc:subfield>
        </marc:datafield>
        <marc:datafield tag="336" ind1=" " ind2=" ">
            <marc:subfield code="a">text</marc:subfield>
            <marc:subfield code="2">rdacontent</marc:subfield>
        </marc:datafield>
        <marc:datafield tag="337" ind1=" " ind2=" ">
            <marc:subfield code="a">unmediated</marc:subfield>
            <marc:subfield code="2">rdamedia</marc:subfield>
        </marc:datafield>
        <marc:datafield tag="338" ind1=" " ind2=" ">
            <marc:subfield code="a">volume</marc:subfield>
            <marc:subfield code="2">rdacarrier</marc:subfield>
        </marc:datafield>
        <marc:datafield tag="500" ind1=" " ind2=" ">
            <marc:subfield code="a">Originally published: 1934.</marc:subfield>
        </marc:datafield>
        <marc:datafield tag="650" ind1=" " ind2="0">
            <marc:subfield code="a">Fiction in English.</marc:subfield>
        </marc:datafield>
        <marc:datafield tag="653" ind1=" " ind2=" ">
            <marc:subfield code="a">Fiction in English</marc:subfield>
            <marc:subfield code="a">1900-</marc:subfield>
            <marc:subfield code="a">Texts</marc:subfield>
        </marc:datafield>
        <marc:datafield tag="710" ind1="2" ind2=" ">
            <marc:subfield code="a">Crime Club.</marc:subfield>
            <marc:subfield code="t">Publications.</marc:subfield>
        </marc:datafield>
        <marc:datafield tag="852" ind1="4" ind2="1">
            <marc:subfield code="a">British Library</marc:subfield>
            <marc:subfield code="b">HMNTS</marc:subfield>
            <marc:subfield code="j">Nov.24424</marc:subfield>
        </marc:datafield>
        <marc:datafield tag="886" ind1="2" ind2=" ">
            <marc:subfield code="2">ukmarc</marc:subfield>
            <marc:subfield code="a">900</marc:subfield>
            <marc:subfield code="b">10</marc:subfield>
            <marc:subfield code="a">Mallowan</marc:subfield>
            <marc:subfield code="h">Agatha Christie</marc:subfield>
            <marc:subfield code="f">Lady</marc:subfield>
            <marc:subfield code="c">1890-1976</marc:subfield>
            <marc:subfield code="x">See</marc:subfield>
            <marc:subfield code="a">Christie, Agatha</marc:subfield>
            <marc:subfield code="z">100</marc:subfield>
        </marc:datafield>
        <marc:datafield tag="886" ind1="2" ind2=" ">
            <marc:subfield code="2">ukmarc</marc:subfield>
            <marc:subfield code="a">900</marc:subfield>
            <marc:subfield code="b">10</marc:subfield>
            <marc:subfield code="a">Westmacott</marc:subfield>
            <marc:subfield code="h">Mary</marc:subfield>
            <marc:subfield code="c">1890-1976</marc:subfield>
            <marc:subfield code="x">For this author under other names see</marc:subfield>
            <marc:subfield code="a">Christie, Agatha</marc:subfield>
            <marc:subfield code="z">100</marc:subfield>
        </marc:datafield>
        <marc:datafield tag="957" ind1=" " ind2=" ">
            <marc:subfield code="a">790504c</marc:subfield>
        </marc:datafield>
    </marc:record>