
    <marc:record>
        <marc:leader>01098 am a2200337ua 4500</marc:leader>
        <marc:controlfield tag="001">009921005</marc:controlfield>
        <marc:controlfield tag="003">Uk</marc:controlfield>
        <marc:controlfield tag="005">20160118100949.0</marc:controlfield>
        <marc:controlfield tag="008">040308r20031934enk    ||     000 1|eng  </marc:controlfield>
        <marc:datafield tag="015" ind1=" " ind2=" ">
            <marc:subfield code="a">GBA421662</marc:subfield>
            <marc:subfield code="2">bnb</marc:subfield>
        </marc:datafield>
        <marc:datafield tag="019" ind1="1" ind2=" ">
            <marc:subfield code="a">bA421662</marc:subfield>
        </marc:datafield>
        <marc:datafield tag="019" ind1="9" ind2=" ">
            <marc:subfield code="a">bA421662</marc:subfield>
        </marc:datafield>
        <marc:datafield tag="019" ind1="y" ind2=" ">
            <marc:subfield code="a">bA421662</marc:subfield>
        </marc:datafield>
        <marc:datafield tag="020" ind1=" " ind2=" ">
            <marc:subfield code="c">No price</marc:subfield>
        </marc:datafield>
        <marc:datafield tag="039" ind1="0" ind2=" ">
            <marc:subfield code="a">2784</marc:subfield>
        </marc:datafield>
        <marc:datafield tag="040" ind1=" " ind2=" ">
            <marc:subfield code="a">Uk</marc:subfield>
            <marc:subfield code="c">Uk</marc:subfield>
        </marc:datafield>
        <marc:datafield tag="082" ind1="0" ind2="4">
            <marc:subfield code="a">823.912</marc:subfield>
            <marc:subfield code="2">22</marc:subfield>
        </marc:datafield>
        <marc:datafield tag="100" ind1="1" ind2=" ">
            <marc:subfield code="a">Christie, Agatha,</marc:subfield>
            <marc:subfield code="d">1890-1976.</marc:subfield>
        </marc:datafield>
        <marc:datafield tag="245" ind1="1" ind2="0">
            <marc:subfield code="a">Murder on the Orient Express /</marc:subfield>
            <marc:subfield code="c">Agatha Christie.</marc:subfield>
        </marc:datafield>
        <marc:datafield tag="260" ind1=" " ind2=" ">
            <marc:subfield code="a">London :</marc:subfield>
            <marc:subfield code="b">Planet Three,</marc:subfield>
            <marc:subfield code="c">[2003?], c1934.</marc:subfield>
        </marc:datafield>
        <marc:datafield tag="300" ind1=" " ind2=" ">
            <marc:subfield code="a">190 p. ;</marc:subfield>
            <marc:subfield code="c">21 cm.</marc:subfield>
        </marc:datafield>
        <marc:datafield tag="336" ind1=" " ind2=" ">
            <marc:subfield code="a">text</marc:subfield>
            <marc:subfield code="2">rdacontent</marc:subfield>
        </marc:datafield>
        <marc:datafield tag="337" ind1=" " ind2=" ">
            <marc:subfield code="a">unmediated</marc:subfield>
            <marc:subfield code="2">rdamedia</marc:subfield>
        </marc:datafield>
        <marc:datafield tag="338" ind1=" " ind2=" ">
            <marc:subfield code="a">volume</marc:subfield>
            <marc:subfield code="2">rdacarrier</marc:subfield>
        </marc:datafield>
        <marc:datafield tag="490" ind1="1" ind2=" ">
            <marc:subfield code="a">Great reads</marc:subfield>
        </marc:datafield>
        <marc:datafield tag="600" ind1="1" ind2="0">
            <marc:subfield code="a">Poirot, Hercule</marc:subfield>
            <marc:subfield code="c">(Fictitious character)</marc:subfield>
            <marc:subfield code="v">Fiction.</marc:subfield>
        </marc:datafield>
        <marc:datafield tag="650" ind1=" " ind2="0">
            <marc:subfield code="a">Orient Express (Express train)</marc:subfield>
            <marc:subfield code="v">Fiction.</marc:subfield>
        </marc:datafield>
        <marc:datafield tag="830" ind1=" " ind2="0">
            <marc:subfield code="a">Great reads.</marc:subfield>
        </marc:datafield>
        <marc:datafield tag="852" ind1="4" ind2="1">
            <marc:subfield code="a">British Library</marc:subfield>
            <marc:subfield code="b">HMNTS</marc:subfield>
            <marc:subfield code="j">Nov.2004/361</marc:subfield>
        </marc:datafield>
        <marc:datafield tag="886" ind1="2" ind2=" ">
            <marc:subfield code="2">ukmarc</marc:subfield>
            <marc:subfield code="a">900</marc:subfield>
            <marc:subfield code="b">10</marc:subfield>
            <marc:subfield code="a">Mallowan</marc:subfield>
            <marc:subfield code="h">Agatha Christie</marc:subfield>
            <marc:subfield code="f">Lady</marc:subfield>
            <marc:subfield code="x">See</marc:subfield>
            <marc:subfield code="a">Christie, Agatha,</marc:subfield>
            <marc:subfield code="x">1890-1976</marc:subfield>
            <marc:subfield code="z">100</marc:subfield>
        </marc:datafield>
        <marc:datafield tag="886" ind1="2" ind2=" ">
            <marc:subfield code="2">ukmarc</marc:subfield>
            <marc:subfield code="a">900</marc:subfield>
            <marc:subfield code="b">10</marc:subfield>
            <marc:subfield code="a">Westmacott</marc:subfield>
            <marc:subfield code="h">Mary</marc:subfield>
            <marc:subfield code="c">1890-1976</marc:subfield>
            <marc:subfield code="x">See also</marc:subfield>
            <marc:subfield code="a">Christie, Agatha,</marc:subfield>
            <marc:subfield code="x">1890-1976</marc:subfield>
            <marc:subfield code="z">100</marc:subfield>
        </marc:datafield>
    </marc:record>