
    <marc:record>
        <marc:leader>00992 am a2200301ua 4500</marc:leader>
        <marc:controlfield tag="001">009377611</marc:controlfield>
        <marc:controlfield tag="005">20091122110200.0</marc:controlfield>
        <marc:controlfield tag="008">951002s1995    enk    ||     000 1|eng  </marc:controlfield>
        <marc:datafield tag="015" ind1=" " ind2=" ">
            <marc:subfield code="a">GB9558477</marc:subfield>
            <marc:subfield code="2">bnb</marc:subfield>
        </marc:datafield>
        <marc:datafield tag="019" ind1="1" ind2=" ">
            <marc:subfield code="a">0006751326</marc:subfield>
        </marc:datafield>
        <marc:datafield tag="019" ind1="9" ind2=" ">
            <marc:subfield code="a">0006751326</marc:subfield>
        </marc:datafield>
        <marc:datafield tag="019" ind1="y" ind2=" ">
            <marc:subfield code="a">b9558477</marc:subfield>
        </marc:datafield>
        <marc:datafield tag="020" ind1=" " ind2=" ">
            <marc:subfield code="a">0006751326 (pbk) :</marc:subfield>
            <marc:subfield code="c">£2.50</marc:subfield>
        </marc:datafield>
        <marc:datafield tag="035" ind1=" " ind2=" ">
            <marc:subfield code="a">(UkOxU)O502673774</marc:subfield>
        </marc:datafield>
        <marc:datafield tag="039" ind1="0" ind2=" ">
            <marc:subfield code="a">2360</marc:subfield>
        </marc:datafield>
        <marc:datafield tag="040" ind1=" " ind2=" ">
            <marc:subfield code="a">UkOxU</marc:subfield>
            <marc:subfield code="d">Uk</marc:subfield>
        </marc:datafield>
        <marc:datafield tag="082" ind1="0" ind2="4">
            <marc:subfield code="a">823.912</marc:subfield>
            <marc:subfield code="2">20</marc:subfield>
        </marc:datafield>
        <marc:datafield tag="100" ind1="1" ind2=" ">
            <marc:subfield code="a">Christie, Agatha,</marc:subfield>
            <marc:subfield code="d">1890-1976.</marc:subfield>
        </marc:datafield>
        <marc:datafield tag="245" ind1="1" ind2="0">
            <marc:subfield code="a">Murder on the Orient Express /</marc:subfield>
            <marc:subfield code="c">Agatha Christie.</marc:subfield>
        </marc:datafield>
        <marc:datafield tag="260" ind1=" " ind2=" ">
            <marc:subfield code="a">London :</marc:subfield>
            <marc:subfield code="b">CollinsChildren's,</marc:subfield>
            <marc:subfield code="c">1995, c1934.</marc:subfield>
        </marc:datafield>
        <marc:datafield tag="300" ind1=" " ind2=" ">
            <marc:subfield code="a">233 p. ;</marc:subfield>
            <marc:subfield code="c">18cm.</marc:subfield>
        </marc:datafield>
        <marc:datafield tag="336" ind1=" " ind2=" ">
            <marc:subfield code="a">text</marc:subfield>
            <marc:subfield code="2">rdacontent</marc:subfield>
        </marc:datafield>
        <marc:datafield tag="337" ind1=" " ind2=" ">
            <marc:subfield code="a">unmediated</marc:subfield>
            <marc:subfield code="2">rdamedia</marc:subfield>
        </marc:datafield>
        <marc:datafield tag="338" ind1=" " ind2=" ">
            <marc:subfield code="a">volume</marc:subfield>
            <marc:subfield code="2">rdacarrier</marc:subfield>
        </marc:datafield>
        <marc:datafield tag="653" ind1="1" ind2=" ">
            <marc:subfield code="a">English fiction</marc:subfield>
        </marc:datafield>
        <marc:datafield tag="852" ind1="4" ind2="1">
            <marc:subfield code="a">British Library</marc:subfield>
            <marc:subfield code="b">HMNTS</marc:subfield>
            <marc:subfield code="j">H.95/4156</marc:subfield>
        </marc:datafield>
        <marc:datafield tag="886" ind1="2" ind2=" ">
            <marc:subfield code="2">ukmarc</marc:subfield>
            <marc:subfield code="a">900</marc:subfield>
            <marc:subfield code="b">10</marc:subfield>
            <marc:subfield code="a">Mallowan</marc:subfield>
            <marc:subfield code="h">Agatha Christie</marc:subfield>
            <marc:subfield code="f">Lady</marc:subfield>
            <marc:subfield code="x">See</marc:subfield>
            <marc:subfield code="a">Christie, Agatha,</marc:subfield>
            <marc:subfield code="x">1890-1976</marc:subfield>
            <marc:subfield code="z">100</marc:subfield>
        </marc:datafield>
        <marc:datafield tag="886" ind1="2" ind2=" ">
            <marc:subfield code="2">ukmarc</marc:subfield>
            <marc:subfield code="a">900</marc:subfield>
            <marc:subfield code="b">10</marc:subfield>
            <marc:subfield code="a">Westmacott</marc:subfield>
            <marc:subfield code="h">Mary</marc:subfield>
            <marc:subfield code="c">1890-1976</marc:subfield>
            <marc:subfield code="x">See also</marc:subfield>
            <marc:subfield code="a">Christie, Agatha,</marc:subfield>
            <marc:subfield code="x">1890-1976</marc:subfield>
            <marc:subfield code="z">100</marc:subfield>
        </marc:datafield>
    </marc:record>