
    <marc:record>
        <marc:leader>00592ncm a22002057  4500</marc:leader>
        <marc:controlfield tag="001">004210641</marc:controlfield>
        <marc:controlfield tag="005">20190504191200.0</marc:controlfield>
        <marc:controlfield tag="008">930308s1974    enk||| ||||||||||   zxx |</marc:controlfield>
        <marc:datafield tag="019" ind1="d" ind2=" ">
            <marc:subfield code="a">ag03270061</marc:subfield>
        </marc:datafield>
        <marc:datafield tag="040" ind1=" " ind2=" ">
            <marc:subfield code="a">Uk</marc:subfield>
            <marc:subfield code="c">Uk</marc:subfield>
        </marc:datafield>
        <marc:datafield tag="082" ind1="1" ind2="4">
            <marc:subfield code="a">780</marc:subfield>
            <marc:subfield code="2">15</marc:subfield>
        </marc:datafield>
        <marc:datafield tag="100" ind1="1" ind2=" ">
            <marc:subfield code="a">Bennett, Richard Rodney.</marc:subfield>
        </marc:datafield>
        <marc:datafield tag="240" ind1="1" ind2="0">
            <marc:subfield code="a">Murder on the Orient Express</marc:subfield>
        </marc:datafield>
        <marc:datafield tag="245" ind1="1" ind2="0">
            <marc:subfield code="a">Waltz Theme, etc. &lt;Piano solo.&gt;.</marc:subfield>
        </marc:datafield>
        <marc:datafield tag="260" ind1=" " ind2=" ">
            <marc:subfield code="a">London :</marc:subfield>
            <marc:subfield code="b">EMI Film &amp; Theatre Music,</marc:subfield>
            <marc:subfield code="c">[1974]</marc:subfield>
        </marc:datafield>
        <marc:datafield tag="300" ind1=" " ind2=" ">
            <marc:subfield code="a">4p. ;</marc:subfield>
            <marc:subfield code="c">4.̊</marc:subfield>
        </marc:datafield>
        <marc:datafield tag="336" ind1=" " ind2=" ">
            <marc:subfield code="a">notated music</marc:subfield>
            <marc:subfield code="2">rdacontent</marc:subfield>
        </marc:datafield>
        <marc:datafield tag="337" ind1=" " ind2=" ">
            <marc:subfield code="a">unmediated</marc:subfield>
            <marc:subfield code="2">rdamedia</marc:subfield>
        </marc:datafield>
        <marc:datafield tag="338" ind1=" " ind2=" ">
            <marc:subfield code="a">volume</marc:subfield>
            <marc:subfield code="2">rdacarrier</marc:subfield>
        </marc:datafield>
        <marc:datafield tag="852" ind1="4" ind2="1">
            <marc:subfield code="a">British Library</marc:subfield>
            <marc:subfield code="b">MUSIC</marc:subfield>
            <marc:subfield code="j">f.531.(8.)</marc:subfield>
        </marc:datafield>
    </marc:record>