
    <marc:record>
        <marc:leader>00846nam a22002413  4500</marc:leader>
        <marc:controlfield tag="001">000696617</marc:controlfield>
        <marc:controlfield tag="005">20200501191132.0</marc:controlfield>
        <marc:controlfield tag="008">950310|1966|||||||    ||     ||| ||fre  </marc:controlfield>
        <marc:datafield tag="019" ind1="x" ind2=" ">
            <marc:subfield code="a">0620280158</marc:subfield>
        </marc:datafield>
        <marc:datafield tag="040" ind1=" " ind2=" ">
            <marc:subfield code="a">Uk</marc:subfield>
            <marc:subfield code="c">Uk</marc:subfield>
        </marc:datafield>
        <marc:datafield tag="100" ind1="1" ind2=" ">
            <marc:subfield code="a">Christie, Agatha,</marc:subfield>
            <marc:subfield code="d">1890-1976.</marc:subfield>
        </marc:datafield>
        <marc:datafield tag="240" ind1="1" ind2="0">
            <marc:subfield code="a">[Murder on the Orient Express.]</marc:subfield>
        </marc:datafield>
        <marc:datafield tag="245" ind1="1" ind2="0">
            <marc:subfield code="a">Le Crime de l'Orient Express ... Texte français de Louis Postif.</marc:subfield>
        </marc:datafield>
        <marc:datafield tag="264" ind1=" " ind2="1">
            <marc:subfield code="a">Paris,</marc:subfield>
            <marc:subfield code="c">[1966]</marc:subfield>
        </marc:datafield>
        <marc:datafield tag="300" ind1=" " ind2=" ">
            <marc:subfield code="a">256 pages ;</marc:subfield>
            <marc:subfield code="c">(8º)</marc:subfield>
        </marc:datafield>
        <marc:datafield tag="336" ind1=" " ind2=" ">
            <marc:subfield code="a">text</marc:subfield>
            <marc:subfield code="2">rdacontent</marc:subfield>
        </marc:datafield>
        <marc:datafield tag="337" ind1=" " ind2=" ">
            <marc:subfield code="a">unmediated</marc:subfield>
            <marc:subfield code="2">rdamedia</marc:subfield>
        </marc:datafield>
        <marc:datafield tag="338" ind1=" " ind2=" ">
            <marc:subfield code="a">volume</marc:subfield>
            <marc:subfield code="2">rdacarrier</marc:subfield>
        </marc:datafield>
        <marc:datafield tag="500" ind1=" " ind2=" ">
            <marc:subfield code="a">Livre de poche. no. 1607.</marc:subfield>
        </marc:datafield>
        <marc:datafield tag="700" ind1="1" ind2=" ">
            <marc:subfield code="a">Postif, Louis,</marc:subfield>
            <marc:subfield code="d">1887-1942.</marc:subfield>
        </marc:datafield>
        <marc:datafield tag="852" ind1="4" ind2="1">
            <marc:subfield code="a">British Library</marc:subfield>
            <marc:subfield code="b">HMNTS</marc:subfield>
            <marc:subfield code="j">X.907/4645.</marc:subfield>
        </marc:datafield>
        <marc:datafield tag="883" ind1="0" ind2=" ">
            <marc:subfield code="a">Language codes assigned by Bayesian analysis of words present in record</marc:subfield>
            <marc:subfield code="d">20181024</marc:subfield>
            <marc:subfield code="q">Uk</marc:subfield>
            <marc:subfield code="c">0.997</marc:subfield>
        </marc:datafield>
        <marc:datafield tag="886" ind1="2" ind2=" ">
            <marc:subfield code="2">blmarc</marc:subfield>
            <marc:subfield code="a">709</marc:subfield>
            <marc:subfield code="b">00</marc:subfield>
            <marc:subfield code="a">POSTIF</marc:subfield>
            <marc:subfield code="h">Louis</marc:subfield>
            <marc:subfield code="p">X.907/4645.</marc:subfield>
            <marc:subfield code="x">2634170203</marc:subfield>
        </marc:datafield>
    </marc:record>