
    <marc:record>
        <marc:leader>00878nam a22002653  4500</marc:leader>
        <marc:controlfield tag="001">000696616</marc:controlfield>
        <marc:controlfield tag="003">Uk</marc:controlfield>
        <marc:controlfield tag="005">20200501191132.0</marc:controlfield>
        <marc:controlfield tag="008">950310s1937    enk    ||     ||| 1|epo  </marc:controlfield>
        <marc:datafield tag="019" ind1="x" ind2=" ">
            <marc:subfield code="a">062028014X</marc:subfield>
        </marc:datafield>
        <marc:datafield tag="040" ind1=" " ind2=" ">
            <marc:subfield code="a">Uk</marc:subfield>
            <marc:subfield code="c">Uk</marc:subfield>
        </marc:datafield>
        <marc:datafield tag="041" ind1="1" ind2=" ">
            <marc:subfield code="a">epo</marc:subfield>
            <marc:subfield code="h">eng</marc:subfield>
        </marc:datafield>
        <marc:datafield tag="100" ind1="1" ind2=" ">
            <marc:subfield code="a">Christie, Agatha,</marc:subfield>
            <marc:subfield code="d">1890-1976.</marc:subfield>
        </marc:datafield>
        <marc:datafield tag="240" ind1="1" ind2="0">
            <marc:subfield code="a">Murder on the Orient Express.</marc:subfield>
            <marc:subfield code="l">Esperanto.</marc:subfield>
        </marc:datafield>
        <marc:datafield tag="245" ind1="1" ind2="0">
            <marc:subfield code="a">Murdo en la Orienta Ekspreso /</marc:subfield>
            <marc:subfield code="c">Tradukita ... de Etulo.</marc:subfield>
        </marc:datafield>
        <marc:datafield tag="264" ind1=" " ind2="1">
            <marc:subfield code="a">Rickmansworth :</marc:subfield>
            <marc:subfield code="b">Esperanto Publishing Co,</marc:subfield>
            <marc:subfield code="c">[1937]</marc:subfield>
        </marc:datafield>
        <marc:datafield tag="300" ind1=" " ind2=" ">
            <marc:subfield code="a">183 pages ;</marc:subfield>
            <marc:subfield code="c">(8º)</marc:subfield>
        </marc:datafield>
        <marc:datafield tag="336" ind1=" " ind2=" ">
            <marc:subfield code="a">text</marc:subfield>
            <marc:subfield code="2">rdacontent</marc:subfield>
        </marc:datafield>
        <marc:datafield tag="337" ind1=" " ind2=" ">
            <marc:subfield code="a">unmediated</marc:subfield>
            <marc:subfield code="2">rdamedia</marc:subfield>
        </marc:datafield>
        <marc:datafield tag="338" ind1=" " ind2=" ">
            <marc:subfield code="a">volume</marc:subfield>
            <marc:subfield code="2">rdacarrier</marc:subfield>
        </marc:datafield>
        <marc:datafield tag="490" ind1="0" ind2=" ">
            <marc:subfield code="a">[&quot;Epoko&quot; Libro-Klubo. Publications. vol. 1.]</marc:subfield>
        </marc:datafield>
        <marc:datafield tag="650" ind1=" " ind2="0">
            <marc:subfield code="a">Crime</marc:subfield>
            <marc:subfield code="v">Fiction</marc:subfield>
            <marc:subfield code="v">Translations into Esperanto.</marc:subfield>
        </marc:datafield>
        <marc:datafield tag="720" ind1=" " ind2=" ">
            <marc:subfield code="a">ETULO, pseud.</marc:subfield>
        </marc:datafield>
        <marc:datafield tag="852" ind1="4" ind2="1">
            <marc:subfield code="a">British Library</marc:subfield>
            <marc:subfield code="b">HMNTS</marc:subfield>
            <marc:subfield code="j">W.P.1570/1.</marc:subfield>
        </marc:datafield>
        <marc:datafield tag="886" ind1="2" ind2=" ">
            <marc:subfield code="2">blmarc</marc:subfield>
            <marc:subfield code="a">709</marc:subfield>
            <marc:subfield code="b">00</marc:subfield>
            <marc:subfield code="a">ETULO, pseud.</marc:subfield>
            <marc:subfield code="p">W.P.1570/1.</marc:subfield>
            <marc:subfield code="x">1031880011</marc:subfield>
        </marc:datafield>
    </marc:record>