
    <marc:record>
        <marc:leader>00658nam a22002053  4500</marc:leader>
        <marc:controlfield tag="001">000696612</marc:controlfield>
        <marc:controlfield tag="005">20220128181945.0</marc:controlfield>
        <marc:controlfield tag="008">880229|1959||||enk    ||     ||| ||eng  </marc:controlfield>
        <marc:datafield tag="019" ind1="x" ind2=" ">
            <marc:subfield code="a">0620280107</marc:subfield>
        </marc:datafield>
        <marc:datafield tag="040" ind1=" " ind2=" ">
            <marc:subfield code="a">Uk</marc:subfield>
            <marc:subfield code="c">Uk</marc:subfield>
        </marc:datafield>
        <marc:datafield tag="100" ind1="1" ind2=" ">
            <marc:subfield code="a">Christie, Agatha,</marc:subfield>
            <marc:subfield code="d">1890-1976.</marc:subfield>
        </marc:datafield>
        <marc:datafield tag="245" ind1="1" ind2="0">
            <marc:subfield code="a">Murder on the Orient Express.</marc:subfield>
        </marc:datafield>
        <marc:datafield tag="264" ind1=" " ind2="1">
            <marc:subfield code="a">[London] :</marc:subfield>
            <marc:subfield code="b">Collins,</marc:subfield>
            <marc:subfield code="c">1959.</marc:subfield>
        </marc:datafield>
        <marc:datafield tag="300" ind1=" " ind2=" ">
            <marc:subfield code="a">192 pages ;</marc:subfield>
            <marc:subfield code="c">(8º)</marc:subfield>
        </marc:datafield>
        <marc:datafield tag="336" ind1=" " ind2=" ">
            <marc:subfield code="a">text</marc:subfield>
            <marc:subfield code="2">rdacontent</marc:subfield>
        </marc:datafield>
        <marc:datafield tag="337" ind1=" " ind2=" ">
            <marc:subfield code="a">unmediated</marc:subfield>
            <marc:subfield code="2">rdamedia</marc:subfield>
        </marc:datafield>
        <marc:datafield tag="338" ind1=" " ind2=" ">
            <marc:subfield code="a">volume</marc:subfield>
            <marc:subfield code="2">rdacarrier</marc:subfield>
        </marc:datafield>
        <marc:datafield tag="500" ind1=" " ind2=" ">
            <marc:subfield code="a">Fontana Books. no. 299.</marc:subfield>
        </marc:datafield>
        <marc:datafield tag="852" ind1="4" ind2="1">
            <marc:subfield code="a">British Library</marc:subfield>
            <marc:subfield code="b">HMNTS</marc:subfield>
            <marc:subfield code="j">12655.g.38.</marc:subfield>
        </marc:datafield>
        <marc:datafield tag="883" ind1="0" ind2=" ">
            <marc:subfield code="a">Language codes assigned by Bayesian analysis of words present in record</marc:subfield>
            <marc:subfield code="d">20201028</marc:subfield>
            <marc:subfield code="q">Uk</marc:subfield>
            <marc:subfield code="c">0.9010</marc:subfield>
        </marc:datafield>
    </marc:record>